
@BOOK{Walters1997,
  title = {M Programming},
  author = {R. Walters},
  year = {1997}
}

